@article{yanneng2012mathematical,
  title={Mathematical Model and Simulation of Magnetic Levitation Spherical Driving Joint with Inverse System Decoupling Control},
  author={Yanneng, Yang and Li, Zeng},
  journal={RN},
  volume={2},
  pages={1},
  year={2012}
}

@article{tolou2012modeling,
  title={Modeling of a compliant joint in a magnetic levitation system for an endoscopic camera},
  author={Tolou, N and Simi, M and Valdastri, P and Herder, JL and Dario, P and Menciassi, A},
  journal={Mechanical Sciences, 3 (1), 2012},
  year={2012},
  publisher={Copernicus Publications}
}